<?xml version="1.0" encoding="UTF-8"?><collection xmlns="http://www.loc.gov/MARC21/slim"><record><leader>00596nam--2200205-u-4500</leader><controlfield tag="001">000053125</controlfield><controlfield tag="002">20161230</controlfield><controlfield tag="005">20161230201051</controlfield><controlfield tag="008">110106s1000------------r-----000-0-eng-d</controlfield><datafield ind1=" " ind2=" " tag="020"><subfield code="a">9736857158</subfield></datafield><datafield ind1=" " ind2=" " tag="040"><subfield code="a">IFIN-HH</subfield></datafield><datafield ind1=" " ind2=" " tag="080"><subfield code="a">539.12</subfield></datafield><datafield ind1="1" ind2=" " tag="100"><subfield code="a">Ivanov, Ilie</subfield></datafield><datafield ind1="1" ind2="0" tag="245"><subfield code="a">Capitole fundamentale ale fizicii moderne</subfield><subfield code="c">Ilie ivanov</subfield></datafield><datafield ind1=" " ind2=" " tag="260"><subfield code="a">Bucuresti</subfield><subfield code="b">Matrix Rom</subfield></datafield><datafield ind1=" " ind2=" " tag="300"><subfield code="a">4 volume</subfield></datafield><datafield ind1=" " ind2=" " tag="502"><subfield code="a">Donatie Din Partea Autorului</subfield></datafield><datafield ind1="1" ind2=" " tag="787"><subfield code="a">Vol. 4</subfield><subfield code="d">2004</subfield><subfield code="h">119p</subfield><subfield code="t">Fizica Atomului Si A Sistemelor Cuantice - Nivel Universitar</subfield></datafield><datafield ind1=" " ind2=" " tag="852"><subfield code="a">81332</subfield><subfield code="c">539.12</subfield></datafield><datafield ind1=" " ind2=" " tag="CAT"><subfield code="a">Sys</subfield><subfield code="c">20110106</subfield><subfield code="h">130215</subfield></datafield></record></collection>